@misc{how_to_cite_stuff,
  title = {How to make a bibliography (for total beginners)?},
  howpublished = {\url{https://tex.stackexchange.com/questions/259300/how-to-make-a-bibliography-for-total-beginners}},
  note = {Accessed: 2022-12-4}
}



